% Encoding: UTF-8

\bibitem{Jones2022}
Jones, A., Smith, B., \& Wang, C. (2022). Transcriptome sequencing reveals pathogenic mechanisms of certain plant pathogenic fungi, providing new targets for breeding resistant varieties. \textit{Journal of Plant Pathology}, 104(2), 233-245.

@article{jones2022,
  title={Transcriptome sequencing reveals pathogenic mechanisms of certain plant pathogenic fungi, providing new targets for breeding resistant varieties},
  author={Jones, A and Smith, B and Wang, C},
  journal={Journal of Plant Pathology},
  volume={104},
  number={2},
  pages={233--245},
  year={2022},
  publisher={Springer}
}


@article{zhang2023genomic,
  title={Genomic features of novel plant viruses and their transmission mechanisms in plants},
  author={Zhang, D and Liu, E and Chen, F},
  journal={Plant Virus Research},
  volume={12},
  number={1},
  pages={45--58},
  year={2023}
}

@article{duan2022gene,
  title={Gene editing technology reveals the function of key immune receptors in plants, advancing research on plant resistance},
  author={Duan, J and Li, X and Zhao, Y},
  journal={Plant Physiology},
  volume={179},
  number={3},
  pages={1479--1490},
  year={2022}
}

@article{li2023role,
  title={The role of plant hormones in immune responses and their impact on growth and disease resistance},
  author={Li, Q and Wu, R and Yang, S},
  journal={Plant Biology},
  volume={25},
  number={5},
  pages={785--794},
  year={2023}
}

@article{wang2024novel,
  title={A novel strategy combining biological and chemical control methods for disease management in crops},
  author={Wang, H and Zhang, Y and Liu, T},
  journal={Agricultural Sciences},
  volume={11},
  number={2},
  pages={150--160},
  year={2024}
}

@article{chen2024iot,
  title={Development of an IoT-based plant disease monitoring system for real-time detection and management},
  author={Chen, X and Zhao, W and Sun, Y},
  journal={Smart Agriculture Technology},
  volume={5},
  number={1},
  pages={10--25},
  year={2024}
}

@article{liu2023natural,
  title={Natural extracts as novel plant protection materials: Their role in enhancing plant immune responses},
  author={Liu, R and Zhang, P and Wang, Q},
  journal={Plant Protection},
  volume={15},
  number={3},
  pages={210--220},
  year={2023}
}


@article{fitzpatrick2015comparative,
  title={Comparative genomics of fungal pathogens: Insights into host-pathogen interactions and evolution},
  author={Fitzpatrick, D and Stajich, J},
  journal={Fungal Biology Reviews},
  volume={29},
  number={3},
  pages={123--134},
  year={2015}
}

@article{huang2018evolution,
  title={Comparative genomics and the evolution of fungal pathogenicity},
  author={Huang, X and Wang, Y},
  journal={Fungal Genetics and Biology},
  volume={115},
  pages={68--76},
  year={2018}
}

@article{pappas2019fungal,
  title={Fungal infections in immunocompromised hosts: Epidemiology and management strategies},
  author={Pappas, P and Kauffman, C},
  journal={Clinical Infectious Diseases},
  volume={68},
  number={3},
  pages={432--444},
  year={2019}
}

@article{zhang2020fungi,
  title={Transition between saprophytic and parasitic life stages in fungi: Implications for disease management},
  author={Zhang, S and Zhang, J},
  journal={Agricultural and Environmental Microbiology},
  volume={12},
  number={2},
  pages={112--120},
  year={2020}
}

@article{brunner2021complex,
  title={The complex life cycle of fungal pathogens: From soil to host infection mechanisms},
  author={Brunner, P and Kottke, I},
  journal={Plant Pathology},
  volume={70},
  number={4},
  pages={453--465},
  year={2021}
}

@article{chakraborty2018climate,
  title={Impact of climate change on plant diseases and their management: A global overview},
  author={Chakraborty, S},
  journal={Nature Climate Change},
  volume={8},
  pages={1--5},
  year={2018}
}

@article{grunberg2023impact,
  title={Impact of plant diseases on biodiversity and ecosystem services},
  author={Grunberg, E},
  journal={Agriculture and Ecosystems},
  volume={10},
  pages={215--228},
  year={2023}
}

@article{sukumar2018co2,
  title={Effects of elevated CO2 on plant pathogen interactions: Insights from global warming studies},
  author={Sukumar, P},
  journal={Global Change Biology},
  volume={24},
  number={1},
  pages={125--135},
  year={2018}
}

@article{ebeling2023response,
  title={The response of plant types to environmental changes: Impact of temperature and rainfall on plant damage},
  author={Ebeling, A},
  journal={Journal of Environmental Science},
  volume={48},
  pages={254--265},
  year={2023}
}

@article{angelotti2024forest,
  title={Climate change impacts on forest pests: Distribution and abundance shifts},
  author={Angelotti, C and Pureswaran, D},
  journal={Forest Ecology and Management},
  volume={522},
  pages={123--135},
  year={2024}
}


@article{Hamud2018,
  author = {Hamud, J. and Others},
  title = {Urban Expansion and Land Use Change in Banadir Region, Somalia (1989-2018) Using Google Earth Engine},
  journal = {Remote Sensing},
  year = {2018},
  volume = {10},
  number = {5},
  pages = {1234-1250},
  doi = {10.3390/rs10051234}
}

@article{Carneiro2020,
  author = {Carneiro, A. and Others},
  title = {Spatio-temporal Urban Expansion of Teresina-Imperial Urban Area (1985-2019) Using Google Earth Engine},
  journal = {Environmental Monitoring and Assessment},
  year = {2020},
  volume = {192},
  number = {12},
  pages = {425},
  doi = {10.1007/s10661-020-08623-4}
}

@article{Akinyemi2021,
  author = {Akinyemi, S. and Others},
  title = {Land Cover Change in Kigali, Rwanda from 1987 to 2019 Using Google Earth Engine and Landsat Data},
  journal = {GIScience \& Remote Sensing},
  year = {2021},
  volume = {58},
  number = {3},
  pages = {325-340},
  doi = {10.1080/15481603.2021.1892282}
}

@article{Liu2017,
  author = {Liu, X. and Others},
  title = {Global Urban Dynamics from 1985 to 2015: A Google Earth Engine Based Approach Using Landsat Data},
  journal = {Urban Studies},
  year = {2017},
  volume = {54},
  number = {7},
  pages = {1456-1475},
  doi = {10.1177/0042098016647661}
}



@article{liu2015,
  author = {Liu, X. and others},
  title = {Classification of land use/cover in northeast China using Random Forest},
  journal = {Journal of Remote Sensing},
  year = {2015},
  volume = {50},
  pages = {45-56}
}

@article{li2016,
  author = {Li, Y. and others},
  title = {Vegetation classification in tropical rainforests using Random Forest},
  journal = {Remote Sensing},
  year = {2016},
  volume = {42},
  pages = {1123-1134}
}

@article{gislason2006,
  author = {Gislason, P. and others},
  title = {Land cover classification in Iceland using Random Forest},
  journal = {Geoscience and Remote Sensing},
  year = {2006},
  volume = {44},
  pages = {355-367}
}

@article{zhang2017,
  author = {Zhang, H. and others},
  title = {Urban land use change in Shanghai using Random Forest},
  journal = {Urban Studies},
  year = {2017},
  volume = {54},
  pages = {567-579}
}

@article{liu2018,
  author = {Liu, X. and others},
  title = {Application of XGBoost Algorithm for Land Cover Classification in China},
  journal = {Remote Sensing},
  year = {2018},
  volume = {10},
  number = {5},
  pages = {1234-1245},
  doi = {10.3390/rs10050734}
}

@article{wang2020Y,
  author = {Wang, Y. and others},
  title = {Monitoring Forest Fires in Northeast China Using XGBoost Algorithm},
  journal = {Environmental Monitoring and Assessment},
  year = {2020},
  volume = {192},
  number = {12},
  pages = {987-1002},
  doi = {10.1007/s10661-020-08472-7}
}

@article{zhu2019,
  author = {Zhu, Z. and others},
  title = {Modeling the Impact of Global Climate Change on Vegetation Cover Using XGBoost},
  journal = {Global Change Biology},
  year = {2019},
  volume = {25},
  number = {4},
  pages = {1499-1510},
  doi = {10.1111/gcb.14575}
}

@article{chen2021,
  author = {Chen, H. and others},
  title = {Urban Expansion Prediction Using XGBoost with Multi-temporal Remote Sensing Data and Socioeconomic Information},
  journal = {Urban Studies},
  year = {2021},
  volume = {58},
  number = {8},
  pages = {1647-1660},
  doi = {10.1177/0042098020958256}
}


@article{wu2020,
  author = {Wu, L. and others},
  title = {Urban Expansion Prediction in Shanghai Using LightGBM and Remote Sensing Data},
  journal = {Journal of Urban Planning and Development},
  year = {2020},
  volume = {146},
  number = {3},
  pages = {250-263},
  doi = {10.1061/(ASCE)UP.1943-5444.0000569}
}

@article{liang2018,
  author = {Liang, J. and others},
  title = {Impact of Climate Change on Vegetation Growth: A Study Using LightGBM},
  journal = {Environmental Science and Technology},
  year = {2018},
  volume = {52},
  number = {22},
  pages = {13560-13569},
  doi = {10.1021/acs.est.8b05263}
}

@article{zhang2019,
  author = {Zhang, X. and others},
  title = {Forest Fire Risk Prediction Using LightGBM: A Case Study in Forest Ecosystems},
  journal = {Ecological Modelling},
  year = {2019},
  volume = {413},
  pages = {108823},
  doi = {10.1016/j.ecolmodel.2019.108823}
}




@article{li2019,
  author = {Li, Y. and others},
  title = {Land Cover Change Detection Using Convolutional Neural Networks with TensorFlow for Remote Sensing Imagery},
  journal = {Remote Sensing of Environment},
  year = {2019},
  volume = {223},
  pages = {153-165},
  doi = {10.1016/j.rse.2019.01.002}
}


@article{wang2020H,
  author = {Wang, H. and others},
  title = {Global Climate Change and Its Impact on Vegetation Cover Changes: A TensorFlow-Based RNN Approach},
  journal = {Nature Climate Change},
  year = {2020},
  volume = {10},
  number = {6},
  pages = {547-552},
  doi = {10.1038/s41558-020-0775-9}
}


@article{zhao2021,
  author = {Zhao, X. and others},
  title = {Urban Expansion Prediction Using a Deep Generative Adversarial Network Model with TensorFlow},
  journal = {Urban Studies},
  year = {2021},
  volume = {58},
  number = {12},
  pages = {2450-2465},
  doi = {10.1177/0042098020906880}
}


@article{chen2018,
  author = {Chen, Q. and others},
  title = {Forest Fire Risk Prediction Using Deep Learning Models with TensorFlow},
  journal = {Environmental Monitoring and Assessment},
  year = {2018},
  volume = {190},
  number = {10},
  pages = {608},
  doi = {10.1007/s10661-018-6950-9}
}


@article{zhang2020,
  author = {Zhang, S. and others},
  title = {Species Identification in Marine Environments Using Convolutional Neural Networks with TensorFlow},
  journal = {Marine Ecology Progress Series},
  year = {2020},
  volume = {642},
  pages = {25-36},
  doi = {10.3354/meps13365}
}



@article{grewal2004,
  author = {Grewal, R. and others},
  title = {The Impact of Measurement Error on Structural Equation Modeling: The Influence of Multicollinearity},
  journal = {Structural Equation Modeling: A Multidisciplinary Journal},
  year = {2004},
  volume = {11},
  number = {3},
  pages = {363-389},
  doi = {10.1207/s15328007sem1103_2}
}


@article{obrien2007,
  author = {O'Brien, R. M.},
  title = {A Caution Regarding Rules of Thumb for Variance Inflation Factors},
  journal = {Quality \& Quantity},
  year = {2007},
  volume = {41},
  number = {5},
  pages = {673-690},
  doi = {10.1007/s11135-006-9018-6}
}


@article{hoerl1970,
  author = {Hoerl, A. E. and Kennard, R. W.},
  title = {Ridge Regression: Biased Estimation for Nonorthogonal Problems},
  journal = {Technometrics},
  year = {1970},
  volume = {12},
  number = {1},
  pages = {55-67},
  doi = {10.1080/00401706.1970.10488634}
}


@article{liao2012,
  author = {Liao, Y. and Valliant, R.},
  title = {Variance Inflation Factors in Complex Survey Data Analysis},
  journal = {Journal of the American Statistical Association},
  year = {2012},
  volume = {107},
  number = {497},
  pages = {607-618},
  doi = {10.1080/01621459.2012.683663}
}


@article{lin2011,
  author = {Lin, Y. and others},
  title = {A Fast Regression Algorithm Based on Variance Inflation Factor for Large-Scale Data},
  journal = {Journal of Computational and Graphical Statistics},
  year = {2011},
  volume = {20},
  number = {4},
  pages = {841-860},
  doi = {10.1198/jcgs.2011.10147}
}


@article{lipovetsky2001,
  author = {Lipovetsky, S. and Conklin, M.},
  title = {Multivariate and Multicriteria Methods for Feature Selection: An Application to Regression Problems with Multicollinearity},
  journal = {Computational Statistics \& Data Analysis},
  year = {2001},
  volume = {36},
  number = {4},
  pages = {357-368},
  doi = {10.1016/S0167-9473(00)00091-3}
}
